
@article{test2021,
  author={Test, Zheng and Test, Wu},
  journal={ICCC Journal of Nontechnology}, 
  title={Test Title}, 
  year={2021},
  volume={20},
  number={2},
  pages={110-115},
  doi={00000}
}

@inproceedings{test2019,
  author={Test},
  booktitle={2019 7th Empty International Conference}, 
  title={Title and Title of Title}, 
  year={2019},
  volume={},
  number={},
  pages={1-5},
  doi={1111}
}

@inproceedings{test2018,
  author={Da-Ming, Wu},
  booktitle={2018 4th International Conference on Null (ICN)}, 
  title={A Non-existent Thesis Title}, 
  year={2018},
  volume={},
  number={},
  pages={1-6},
  doi={22222}
}

@article{nfu2021,
    author = {NFU},
    title = {國立虎尾科技大學學位論文格式規範},
    journal = {110學年度第1次教務會議},
    year = {2021},
}
